@conference{ rockisuda10,
author="Kamil Rocki and Reji Suda",
title="Parallel {M}inimax {T}ree {S}earching on {GPU}",
year="2009",
booktitle="PPAM 2009, Part I, LNCS 6067",
pages="449--456",
publisher="Springer-Verlag Berlin Heidelberg"
}